@inproceedings{HermezSTARKVerCircom2022,
  title={STARK Verification Procedure in Circom},
  author={Polygon Hermez},
  year={2022},
  note = "\url{https://github.com/0xPolygonHermez/pil-stark/blob/main/circuits.gl/stark_verifier.circom.ejs}",
}
