@Misc{AirScript,
  author =       "Polygon Miden",
  title =        "AirScript",
  year =         2022,
  note =         "\url{https://0xpolygonmiden.github.io/air-script/}",
}

@Misc{eSTARK,
  author =       "H{\'e}ctor Masip-Ardevol and
                  Marc Guzm{\'a}n-Albiol and
                  Jordi Baylina-Mel{\'e} and
                  Jos{\'e} L. Mu{\~n}oz-Tapia",
  title =        "{eSTARK}: Extending the STARK Protocol with Arguments",
  year =         2023,
}

@Misc{pilcom,
  title={PIL Compiler: Polynomial Identity Language (PIL) compiler},
  author={Polygon Hermez},
  year={2022},
  note = "\url{https://github.com/0xPolygonHermez/pilcom}",
}

@Misc{pilstark,
  title={PIL STARK: Generates a STARK proof from a program written in PIL Language.},
  author={Polygon Hermez},
  year={2022},
  note = "\url{https://github.com/0xPolygonHermez/pil-stark}",
}

@Misc{EPRINT:Habock22M,
  author =       "Ulrich Hab{\"o}ck",
  title =        "Multivariate lookups based on logarithmic derivatives",
  year =         2022,
  howpublished = "Cryptology ePrint Archive, Report 2022/1530",
  note =         "\url{https://eprint.iacr.org/2022/1530}",
}
