@book{Goldreich98,
  author    = {Oded Goldreich},
  title     = {Modern Cryptography, Probabilistic Proofs and Pseudorandomness},
  series    = {Algorithms and Combinatorics},
  volume    = {17},
  publisher = {Springer},
  year      = {1998},
  url       = {https://doi.org/10.1007/978-3-662-12521-2},
  doi       = {10.1007/978-3-662-12521-2},
  isbn      = {978-3-540-64766-9},
  timestamp = {Sat, 10 Jul 2021 14:19:28 +0200},
  biburl    = {https://dblp.org/rec/books/sp/Goldreich98.bib},
  bibsource = {dblp computer science bibliography, https://dblp.org}
}

@inproceedings{Wilcox2016ZcashPS,
  title={Zcash Protocol Specification, Version 2.0-alpha-1},
  author={Nathan Wilcox},
  year={2016}
}

@misc{Yi2022,
  doi = {10.48550/ARXIV.2211.04775},
  url = {https://arxiv.org/abs/2211.04775},
  author = {Kang, Daniel and Hashimoto, Tatsunori and Stoica, Ion and Sun, Yi},
  keywords = {Cryptography and Security (cs.CR), FOS: Computer and information sciences, FOS: Computer and information sciences},
  title = {ZK-IMG: Attested Images via Zero-Knowledge Proofs to Fight Disinformation},
  publisher = {arXiv},
  year = {2022},
  copyright = {arXiv.org perpetual, non-exclusive license}
}

@misc{EPRINT:StarkWare21,
      author = {StarkWare},
      title = {ethSTARK Documentation},
      howpublished = {Cryptology ePrint Archive, Paper 2021/582},
      year = {2021},
      note = {\url{https://eprint.iacr.org/2021/582}},
      url = {https://eprint.iacr.org/2021/582}
}

@misc{EPRINT:PFMBM22,
      author = {Luke Pearson and Joshua Fitzgerald and Héctor Masip and Marta Bellés-Muñoz and Jose Luis Muñoz-Tapia},
      title = {PlonKup: Reconciling PlonK with plookup},
      howpublished = {Cryptology ePrint Archive, Paper 2022/086},
      year = {2022},
      note = {\url{https://eprint.iacr.org/2022/086}},
      url = {https://eprint.iacr.org/2022/086}
}

@misc{EPRINT:GabWil20,
      author = {Ariel Gabizon and Zachary J.  Williamson},
      title = {plookup: A simplified polynomial protocol for lookup tables},
      howpublished = {Cryptology ePrint Archive, Paper 2020/315},
      year = {2020},
      note = {\url{https://eprint.iacr.org/2020/315}},
      url = {https://eprint.iacr.org/2020/315}
}

@misc{EPRINT:GabWilCio19,
      author = {Ariel Gabizon and Zachary J.  Williamson and Oana Ciobotaru},
      title = {PLONK: Permutations over Lagrange-bases for Oecumenical Noninteractive arguments of Knowledge},
      howpublished = {Cryptology ePrint Archive, Paper 2019/953},
      year = {2019},
      note = {\url{https://eprint.iacr.org/2019/953}},
      url = {https://eprint.iacr.org/2019/953}
}

@misc{EPRINT:MGBT,
      author = {Héctor Masip-Ardevol and Marc Guzmán-Albiol and Jordi Baylina-Melé and Jose Luis Muñoz-Tapia},
      title = {eSTARK: Extending STARKs with Arguments},
      howpublished = {Cryptology ePrint Archive, Paper 2023/474},
      year = {2023},
      note = {\url{https://eprint.iacr.org/2023/474}},
      url = {https://eprint.iacr.org/2023/474}
}
