@book{Goldreich98,
  author    = {Oded Goldreich},
  title     = {Modern Cryptography, Probabilistic Proofs and Pseudorandomness},
  series    = {Algorithms and Combinatorics},
  volume    = {17},
  publisher = {Springer},
  year      = {1998},
  url       = {https://doi.org/10.1007/978-3-662-12521-2},
  doi       = {10.1007/978-3-662-12521-2},
  isbn      = {978-3-540-64766-9},
  timestamp = {Sat, 10 Jul 2021 14:19:28 +0200},
  biburl    = {https://dblp.org/rec/books/sp/Goldreich98.bib},
  bibsource = {dblp computer science bibliography, https://dblp.org}
}

@Misc{EPRINT:Habock22M,
  author =       "Ulrich Hab{\"o}ck",
  title =        "Multivariate lookups based on logarithmic derivatives",
  year =         2022,
  howpublished = "Cryptology ePrint Archive, Report 2022/1530",
  note =         "\url{https://eprint.iacr.org/2022/1530}",
}
